<record xmlns="http://www.loc.gov/MARC21/slim" xmlns:xsi="http://www.w3.org/2001/XMLSchema-instance" xsi:schemaLocation="http://www.loc.gov/MARC21/slim http://www.loc.gov/standards/marcxml/schema/MARC21slim.xsd">

  <leader>00675nam a2200169Ia 4500</leader>
  <datafield ind2=" " ind1=" " tag="090">
    <subfield code="a">DOC # 22</subfield>
  </datafield>
  <datafield ind2=" " ind1=" " tag="110">
    <subfield code="a">UNESCO. Unidad para la promoción de la condición de la mujer y la igualdad entre géneros</subfield>
  </datafield>
  <datafield ind1=" " ind2=" " tag="245">
    <subfield code="a">Convención sobre la eliminación de todas las reformas de discriminación contra la mujer / </subfield>
    <subfield code="c">UNESCO</subfield>
  </datafield>
  <datafield ind2=" " ind1=" " tag="260">
    <subfield code="a">París, Francia  : </subfield>
    <subfield code="b">UNESCO, </subfield>
    <subfield code="c">1998</subfield>
  </datafield>
  <datafield tag="300" ind1=" " ind2=" ">
    <subfield code="a">33 páginas</subfield>
  </datafield>
  <datafield tag="500" ind1=" " ind2=" ">
    <subfield code="a">En la cubierta: Pasaporte hacia la igualdad \La Unidad posee documento ampliado, sobre la convención del 2009. Ficha no.181</subfield>
  </datafield>
  <datafield tag="650" ind1=" " ind2=" ">
    <subfield code="a">DERECHOS DE LA MUJER</subfield>
  </datafield>
  <datafield tag="650" ind1=" " ind2=" ">
    <subfield code="a">IGUALDAD DE GENERO</subfield>
  </datafield>
  <datafield tag="650" ind1=" " ind2=" ">
    <subfield code="a">MUJERES</subfield>
  </datafield>
  <datafield tag="650" ind2=" " ind1=" ">
    <subfield code="a">DISCRIMINACION</subfield>
  </datafield>
  <datafield ind2=" " ind1=" " tag="942">
    <subfield code="p">00917 </subfield>
  </datafield>
  <datafield tag="999" ind1=" " ind2=" ">
    <subfield code="c">2538</subfield>
    <subfield code="d">2538</subfield>
  </datafield>
</record>